@article{Andrews91,
	author={Donald W.K. Andrews},
	title={Heteroskedasticity and Autocorrelation Consistent Covariance Matrix Estimation},
	journal={Econometrica},
	volume=59,
	year=1991,
	pages={817--858},
	month={May},
	number=3
}

@BOOK{Huber81,
  AUTHOR =	 {Peter J. Huber},
  TITLE =	 {Robust Statistics},
  PUBLISHER =	 {Wiley},
  YEAR =	 1981,
}

@article{KinTomWit00,
  author =	 {Gary King and Michael Tomz and Jason Wittenberg},
  title =	 {Making the most of statistical analyses: Improving
                  interpretation and presentation},
  journal =	 {American Journal of Political Science},
  volume =	 44,
  year =	 2000,
  pages =	 {341--355},
  month =	 {April},
  number =	 2,
  note =	 {{http://gking.harvard.edu/files/abs/making-abs.shtml}}
}

@article{LumHea99,
  author =	 {Thomas Lumley and Patrick Heagerty},
  title =	 {Weighted Empirical Adaptive Variance Estimators for
                  Correlated Data Regression},
  journal =	 {jrssb},
  volume =	 61,
  year =	 1999,
  pages =	 {459--477},
  number =	 2
}

@book{VenRip02,
	author={William N. Venables and Brian D. Ripley},
	title={Modern Applied Statistics with S},
	publisher={Springer-Verlag},
	year=2002,
	edition={4th}
}

@article{Zeileis04,
	author={Achim Zeileis},
	title={Econometric Computing with HC and HAC Covariance Matrix Estimators},
	journal={Journal of Statistical Software},
	volume=11,
	year=2004,
	pages={1--17},
	number=10,
	publisher={Wiley}
}

@Article{White80,
  author={White, Halbert},
  title={{A Heteroskedasticity-Consistent Covariance Matrix Estimator and a Direct Test for Heteroskedasticity}},
  journal={Econometrica},
  year=1980,
  volume={48},
  number={4},
  pages={817-38},
  month={May},
  keywords={},
  abstract={No abstract is available for this item.},
  url={http://ideas.repec.org/a/ecm/emetrp/v48y1980i4p817-38.html}
}

@article{KinAltBur90,
  author =	 {Gary King and James Alt and Nancy Burns and Michael
                  Laver},
  title =	 {A Unified Model of Cabinet Dissolution in
                  Parliamentary Democracies},
  journal =	 {American Journal of Political Science},
  volume =	 34,
  year =	 1990,
  pages =	 {846--871},
  month =	 {August},
  number =	 3,
  note =	 {{http://gking.harvard.edu/files/abs/coal-abs.shtml}}
}

@book{VenRip02,
	author={William N. Venables and Brian D. Ripley},
	title={Modern Applied Statistics with S},
	publisher={Springer-Verlag},
	year=2002,
	edition={4th}
}